%YAML 1.1
%TAG !u! tag:unity3d.com,2011:
--- !u!29 &1
OcclusionCullingSettings:
  m_ObjectHideFlags: 0
  serializedVersion: 2
  m_OcclusionBakeSettings:
    smallestOccluder: 5
    smallestHole: 0.25
    backfaceThreshold: 100
  m_SceneGUID: 00000000000000000000000000000000
  m_OcclusionCullingData: {fileID: 0}
--- !u!104 &2
RenderSettings:
  m_ObjectHideFlags: 0
  serializedVersion: 9
  m_Fog: 0
  m_FogColor: {r: 0.5, g: 0.5, b: 0.5, a: 1}
  m_FogMode: 3
  m_FogDensity: 0.01
  m_LinearFogStart: 0
  m_LinearFogEnd: 300
  m_AmbientSkyColor: {r: 0.212, g: 0.227, b: 0.259, a: 1}
  m_AmbientEquatorColor: {r: 0.114, g: 0.125, b: 0.133, a: 1}
  m_AmbientGroundColor: {r: 0.047, g: 0.043, b: 0.035, a: 1}
  m_AmbientIntensity: 1
  m_AmbientMode: 3
  m_SubtractiveShadowColor: {r: 0.42, g: 0.478, b: 0.627, a: 1}
  m_SkyboxMaterial: {fileID: 0}
  m_HaloStrength: 0.5
  m_FlareStrength: 1
  m_FlareFadeSpeed: 3
  m_HaloTexture: {fileID: 0}
  m_SpotCookie: {fileID: 10001, guid: 0000000000000000e000000000000000, type: 0}
  m_DefaultReflectionMode: 0
  m_DefaultReflectionResolution: 128
  m_ReflectionBounces: 1
  m_ReflectionIntensity: 1
  m_CustomReflection: {fileID: 0}
  m_Sun: {fileID: 0}
  m_IndirectSpecularColor: {r: 0, g: 0, b: 0, a: 1}
  m_UseRadianceAmbientProbe: 0
--- !u!157 &3
LightmapSettings:
  m_ObjectHideFlags: 0
  serializedVersion: 11
  m_GIWorkflowMode: 1
  m_GISettings:
    serializedVersion: 2
    m_BounceScale: 1
    m_IndirectOutputScale: 1
    m_AlbedoBoost: 1
    m_EnvironmentLightingMode: 0
    m_EnableBakedLightmaps: 0
    m_EnableRealtimeLightmaps: 0
  m_LightmapEditorSettings:
    serializedVersion: 10
    m_Resolution: 2
    m_BakeResolution: 40
    m_AtlasSize: 1024
    m_AO: 0
    m_AOMaxDistance: 1
    m_CompAOExponent: 1
    m_CompAOExponentDirect: 0
    m_Padding: 2
    m_LightmapParameters: {fileID: 0}
    m_LightmapsBakeMode: 1
    m_TextureCompression: 1
    m_FinalGather: 0
    m_FinalGatherFiltering: 1
    m_FinalGatherRayCount: 256
    m_ReflectionCompression: 2
    m_MixedBakeMode: 2
    m_BakeBackend: 0
    m_PVRSampling: 1
    m_PVRDirectSampleCount: 32
    m_PVRSampleCount: 500
    m_PVRBounces: 2
    m_PVRFilterTypeDirect: 0
    m_PVRFilterTypeIndirect: 0
    m_PVRFilterTypeAO: 0
    m_PVRFilteringMode: 1
    m_PVRCulling: 1
    m_PVRFilteringGaussRadiusDirect: 1
    m_PVRFilteringGaussRadiusIndirect: 5
    m_PVRFilteringGaussRadiusAO: 2
    m_PVRFilteringAtrousPositionSigmaDirect: 0.5
    m_PVRFilteringAtrousPositionSigmaIndirect: 2
    m_PVRFilteringAtrousPositionSigmaAO: 1
    m_ShowResolutionOverlay: 1
  m_LightingDataAsset: {fileID: 0}
  m_UseShadowmask: 1
--- !u!196 &4
NavMeshSettings:
  serializedVersion: 2
  m_ObjectHideFlags: 0
  m_BuildSettings:
    serializedVersion: 2
    agentTypeID: 0
    agentRadius: 0.5
    agentHeight: 2
    agentSlope: 45
    agentClimb: 0.4
    ledgeDropHeight: 0
    maxJumpAcrossDistance: 0
    minRegionArea: 2
    manualCellSize: 0
    cellSize: 0.16666667
    manualTileSize: 0
    tileSize: 256
    accuratePlacement: 0
    debug:
      m_Flags: 0
  m_NavMeshData: {fileID: 0}
--- !u!1001 &24150286
PrefabInstance:
  m_ObjectHideFlags: 0
  serializedVersion: 2
  m_Modification:
    m_TransformParent: {fileID: 1899279710}
    m_Modifications:
    - target: {fileID: 5668136655277484765, guid: 9a85485bee62e764ba0cfab687cef7b7,
        type: 3}
      propertyPath: m_Name
      value: suelo (3)
      objectReference: {fileID: 0}
    - target: {fileID: 5668136655277484706, guid: 9a85485bee62e764ba0cfab687cef7b7,
        type: 3}
      propertyPath: m_LocalPosition.x
      value: -10.14
      objectReference: {fileID: 0}
    - target: {fileID: 5668136655277484706, guid: 9a85485bee62e764ba0cfab687cef7b7,
        type: 3}
      propertyPath: m_LocalPosition.y
      value: -0.227
      objectReference: {fileID: 0}
    - target: {fileID: 5668136655277484706, guid: 9a85485bee62e764ba0cfab687cef7b7,
        type: 3}
      propertyPath: m_LocalPosition.z
      value: 0.04296875
      objectReference: {fileID: 0}
    - target: {fileID: 5668136655277484706, guid: 9a85485bee62e764ba0cfab687cef7b7,
        type: 3}
      propertyPath: m_LocalRotation.x
      value: -0
      objectReference: {fileID: 0}
    - target: {fileID: 5668136655277484706, guid: 9a85485bee62e764ba0cfab687cef7b7,
        type: 3}
      propertyPath: m_LocalRotation.y
      value: -0
      objectReference: {fileID: 0}
    - target: {fileID: 5668136655277484706, guid: 9a85485bee62e764ba0cfab687cef7b7,
        type: 3}
      propertyPath: m_LocalRotation.z
      value: -0
      objectReference: {fileID: 0}
    - target: {fileID: 5668136655277484706, guid: 9a85485bee62e764ba0cfab687cef7b7,
        type: 3}
      propertyPath: m_LocalRotation.w
      value: 1
      objectReference: {fileID: 0}
    - target: {fileID: 5668136655277484706, guid: 9a85485bee62e764ba0cfab687cef7b7,
        type: 3}
      propertyPath: m_RootOrder
      value: 3
      objectReference: {fileID: 0}
    - target: {fileID: 5668136655277484706, guid: 9a85485bee62e764ba0cfab687cef7b7,
        type: 3}
      propertyPath: m_LocalEulerAnglesHint.x
      value: 0
      objectReference: {fileID: 0}
    - target: {fileID: 5668136655277484706, guid: 9a85485bee62e764ba0cfab687cef7b7,
        type: 3}
      propertyPath: m_LocalEulerAnglesHint.y
      value: 0
      objectReference: {fileID: 0}
    - target: {fileID: 5668136655277484706, guid: 9a85485bee62e764ba0cfab687cef7b7,
        type: 3}
      propertyPath: m_LocalEulerAnglesHint.z
      value: 0
      objectReference: {fileID: 0}
    - target: {fileID: 5668136655277484706, guid: 9a85485bee62e764ba0cfab687cef7b7,
        type: 3}
      propertyPath: m_LocalScale.x
      value: 1.6954378
      objectReference: {fileID: 0}
    - target: {fileID: 5668136655277484706, guid: 9a85485bee62e764ba0cfab687cef7b7,
        type: 3}
      propertyPath: m_LocalScale.y
      value: 10.0980625
      objectReference: {fileID: 0}
    m_RemovedComponents: []
  m_SourcePrefab: {fileID: 100100000, guid: 9a85485bee62e764ba0cfab687cef7b7, type: 3}
--- !u!4 &24150287 stripped
Transform:
  m_CorrespondingSourceObject: {fileID: 5668136655277484706, guid: 9a85485bee62e764ba0cfab687cef7b7,
    type: 3}
  m_PrefabInstance: {fileID: 24150286}
  m_PrefabAsset: {fileID: 0}
--- !u!1 &248636589
GameObject:
  m_ObjectHideFlags: 0
  m_CorrespondingSourceObject: {fileID: 0}
  m_PrefabInstance: {fileID: 0}
  m_PrefabAsset: {fileID: 0}
  serializedVersion: 6
  m_Component:
  - component: {fileID: 248636590}
  - component: {fileID: 248636591}
  m_Layer: 0
  m_Name: cubo
  m_TagString: Untagged
  m_Icon: {fileID: 0}
  m_NavMeshLayer: 0
  m_StaticEditorFlags: 0
  m_IsActive: 1
--- !u!4 &248636590
Transform:
  m_ObjectHideFlags: 0
  m_CorrespondingSourceObject: {fileID: 0}
  m_PrefabInstance: {fileID: 0}
  m_PrefabAsset: {fileID: 0}
  m_GameObject: {fileID: 248636589}
  m_LocalRotation: {x: -0, y: -0, z: -0, w: 1}
  m_LocalPosition: {x: -0.311, y: 0.053, z: 0}
  m_LocalScale: {x: 0.559, y: 0.28315, z: 1}
  m_Children: []
  m_Father: {fileID: 1705248476}
  m_RootOrder: 0
  m_LocalEulerAnglesHint: {x: 0, y: 0, z: 0}
--- !u!212 &248636591
SpriteRenderer:
  m_ObjectHideFlags: 0
  m_CorrespondingSourceObject: {fileID: 0}
  m_PrefabInstance: {fileID: 0}
  m_PrefabAsset: {fileID: 0}
  m_GameObject: {fileID: 248636589}
  m_Enabled: 1
  m_CastShadows: 0
  m_ReceiveShadows: 0
  m_DynamicOccludee: 1
  m_MotionVectors: 1
  m_LightProbeUsage: 1
  m_ReflectionProbeUsage: 1
  m_RenderingLayerMask: 1
  m_RendererPriority: 0
  m_Materials:
  - {fileID: 10754, guid: 0000000000000000f000000000000000, type: 0}
  m_StaticBatchInfo:
    firstSubMesh: 0
    subMeshCount: 0
  m_StaticBatchRoot: {fileID: 0}
  m_ProbeAnchor: {fileID: 0}
  m_LightProbeVolumeOverride: {fileID: 0}
  m_ScaleInLightmap: 1
  m_PreserveUVs: 0
  m_IgnoreNormalsForChartDetection: 0
  m_ImportantGI: 0
  m_StitchLightmapSeams: 0
  m_SelectedEditorRenderState: 0
  m_MinimumChartSize: 4
  m_AutoUVMaxDistance: 0.5
  m_AutoUVMaxAngle: 89
  m_LightmapParameters: {fileID: 0}
  m_SortingLayerID: 0
  m_SortingLayer: 0
  m_SortingOrder: 1
  m_Sprite: {fileID: 21300000, guid: e5c7695f434686d409a8f5ee17f4eb1b, type: 3}
  m_Color: {r: 1, g: 1, b: 1, a: 1}
  m_FlipX: 0
  m_FlipY: 0
  m_DrawMode: 0
  m_Size: {x: 1, y: 1}
  m_AdaptiveModeThreshold: 0.5
  m_SpriteTileMode: 0
  m_WasSpriteAssigned: 1
  m_MaskInteraction: 0
  m_SpriteSortPoint: 0
--- !u!1 &277921403
GameObject:
  m_ObjectHideFlags: 0
  m_CorrespondingSourceObject: {fileID: 0}
  m_PrefabInstance: {fileID: 0}
  m_PrefabAsset: {fileID: 0}
  serializedVersion: 6
  m_Component:
  - component: {fileID: 277921407}
  - component: {fileID: 277921406}
  - component: {fileID: 277921405}
  - component: {fileID: 277921404}
  - component: {fileID: 277921408}
  m_Layer: 0
  m_Name: Player
  m_TagString: Untagged
  m_Icon: {fileID: 0}
  m_NavMeshLayer: 0
  m_StaticEditorFlags: 0
  m_IsActive: 1
--- !u!61 &277921404
BoxCollider2D:
  m_ObjectHideFlags: 0
  m_CorrespondingSourceObject: {fileID: 0}
  m_PrefabInstance: {fileID: 0}
  m_PrefabAsset: {fileID: 0}
  m_GameObject: {fileID: 277921403}
  m_Enabled: 1
  m_Density: 1
  m_Material: {fileID: 6200000, guid: 73f2e67ac0bfa984590896c219083e91, type: 2}
  m_IsTrigger: 0
  m_UsedByEffector: 0
  m_UsedByComposite: 0
  m_Offset: {x: 0, y: 0}
  m_SpriteTilingProperty:
    border: {x: 0, y: 0, z: 0, w: 0}
    pivot: {x: 0.5, y: 0.5}
    oldSize: {x: 1, y: 1}
    newSize: {x: 1, y: 1}
    adaptiveTilingThreshold: 0.5
    drawMode: 0
    adaptiveTiling: 0
  m_AutoTiling: 0
  serializedVersion: 2
  m_Size: {x: 1, y: 1}
  m_EdgeRadius: 0
--- !u!50 &277921405
Rigidbody2D:
  serializedVersion: 4
  m_ObjectHideFlags: 0
  m_CorrespondingSourceObject: {fileID: 0}
  m_PrefabInstance: {fileID: 0}
  m_PrefabAsset: {fileID: 0}
  m_GameObject: {fileID: 277921403}
  m_BodyType: 0
  m_Simulated: 1
  m_UseFullKinematicContacts: 0
  m_UseAutoMass: 0
  m_Mass: 1
  m_LinearDrag: 0
  m_AngularDrag: 0.05
  m_GravityScale: 1
  m_Material: {fileID: 0}
  m_Interpolate: 0
  m_SleepingMode: 1
  m_CollisionDetection: 0
  m_Constraints: 4
--- !u!212 &277921406
SpriteRenderer:
  m_ObjectHideFlags: 0
  m_CorrespondingSourceObject: {fileID: 0}
  m_PrefabInstance: {fileID: 0}
  m_PrefabAsset: {fileID: 0}
  m_GameObject: {fileID: 277921403}
  m_Enabled: 1
  m_CastShadows: 0
  m_ReceiveShadows: 0
  m_DynamicOccludee: 1
  m_MotionVectors: 1
  m_LightProbeUsage: 1
  m_ReflectionProbeUsage: 1
  m_RenderingLayerMask: 1
  m_RendererPriority: 0
  m_Materials:
  - {fileID: 10754, guid: 0000000000000000f000000000000000, type: 0}
  m_StaticBatchInfo:
    firstSubMesh: 0
    subMeshCount: 0
  m_StaticBatchRoot: {fileID: 0}
  m_ProbeAnchor: {fileID: 0}
  m_LightProbeVolumeOverride: {fileID: 0}
  m_ScaleInLightmap: 1
  m_PreserveUVs: 0
  m_IgnoreNormalsForChartDetection: 0
  m_ImportantGI: 0
  m_StitchLightmapSeams: 0
  m_SelectedEditorRenderState: 0
  m_MinimumChartSize: 4
  m_AutoUVMaxDistance: 0.5
  m_AutoUVMaxAngle: 89
  m_LightmapParameters: {fileID: 0}
  m_SortingLayerID: 0
  m_SortingLayer: 0
  m_SortingOrder: 0
  m_Sprite: {fileID: 21300000, guid: e5c7695f434686d409a8f5ee17f4eb1b, type: 3}
  m_Color: {r: 1, g: 1, b: 1, a: 1}
  m_FlipX: 0
  m_FlipY: 0
  m_DrawMode: 0
  m_Size: {x: 1, y: 1}
  m_AdaptiveModeThreshold: 0.5
  m_SpriteTileMode: 0
  m_WasSpriteAssigned: 1
  m_MaskInteraction: 0
  m_SpriteSortPoint: 0
--- !u!4 &277921407
Transform:
  m_ObjectHideFlags: 0
  m_CorrespondingSourceObject: {fileID: 0}
  m_PrefabInstance: {fileID: 0}
  m_PrefabAsset: {fileID: 0}
  m_GameObject: {fileID: 277921403}
  m_LocalRotation: {x: 0, y: 0, z: 0, w: 1}
  m_LocalPosition: {x: -2.76, y: -0.56, z: 0}
  m_LocalScale: {x: 1, y: 1, z: 1}
  m_Children:
  - {fileID: 1196665909}
  m_Father: {fileID: 0}
  m_RootOrder: 1
  m_LocalEulerAnglesHint: {x: 0, y: 0, z: 0}
--- !u!114 &277921408
MonoBehaviour:
  m_ObjectHideFlags: 0
  m_CorrespondingSourceObject: {fileID: 0}
  m_PrefabInstance: {fileID: 0}
  m_PrefabAsset: {fileID: 0}
  m_GameObject: {fileID: 277921403}
  m_Enabled: 1
  m_EditorHideFlags: 0
  m_Script: {fileID: 11500000, guid: 11960836ea1834940bf08b1290041d1b, type: 3}
  m_Name: 
  m_EditorClassIdentifier: 
  speed: 2
  jumpForce: 8
--- !u!1 &519420028
GameObject:
  m_ObjectHideFlags: 0
  m_CorrespondingSourceObject: {fileID: 0}
  m_PrefabInstance: {fileID: 0}
  m_PrefabAsset: {fileID: 0}
  serializedVersion: 6
  m_Component:
  - component: {fileID: 519420032}
  - component: {fileID: 519420031}
  - component: {fileID: 519420029}
  m_Layer: 0
  m_Name: Main Camera
  m_TagString: MainCamera
  m_Icon: {fileID: 0}
  m_NavMeshLayer: 0
  m_StaticEditorFlags: 0
  m_IsActive: 1
--- !u!81 &519420029
AudioListener:
  m_ObjectHideFlags: 0
  m_CorrespondingSourceObject: {fileID: 0}
  m_PrefabInstance: {fileID: 0}
  m_PrefabAsset: {fileID: 0}
  m_GameObject: {fileID: 519420028}
  m_Enabled: 1
--- !u!20 &519420031
Camera:
  m_ObjectHideFlags: 0
  m_CorrespondingSourceObject: {fileID: 0}
  m_PrefabInstance: {fileID: 0}
  m_PrefabAsset: {fileID: 0}
  m_GameObject: {fileID: 519420028}
  m_Enabled: 1
  serializedVersion: 2
  m_ClearFlags: 2
  m_BackGroundColor: {r: 0.19215687, g: 0.3019608, b: 0.4745098, a: 0}
  m_projectionMatrixMode: 1
  m_SensorSize: {x: 36, y: 24}
  m_LensShift: {x: 0, y: 0}
  m_GateFitMode: 2
  m_FocalLength: 50
  m_NormalizedViewPortRect:
    serializedVersion: 2
    x: 0
    y: 0
    width: 1
    height: 1
  near clip plane: 0.3
  far clip plane: 1000
  field of view: 60
  orthographic: 1
  orthographic size: 5
  m_Depth: -1
  m_CullingMask:
    serializedVersion: 2
    m_Bits: 4294967295
  m_RenderingPath: -1
  m_TargetTexture: {fileID: 0}
  m_TargetDisplay: 0
  m_TargetEye: 0
  m_HDR: 1
  m_AllowMSAA: 0
  m_AllowDynamicResolution: 0
  m_ForceIntoRT: 0
  m_OcclusionCulling: 0
  m_StereoConvergence: 10
  m_StereoSeparation: 0.022
--- !u!4 &519420032
Transform:
  m_ObjectHideFlags: 0
  m_CorrespondingSourceObject: {fileID: 0}
  m_PrefabInstance: {fileID: 0}
  m_PrefabAsset: {fileID: 0}
  m_GameObject: {fileID: 519420028}
  m_LocalRotation: {x: 0, y: 0, z: 0, w: 1}
  m_LocalPosition: {x: 0, y: 0, z: -10}
  m_LocalScale: {x: 1, y: 1, z: 1}
  m_Children: []
  m_Father: {fileID: 0}
  m_RootOrder: 0
  m_LocalEulerAnglesHint: {x: 0, y: 0, z: 0}
--- !u!1 &728785182 stripped
GameObject:
  m_CorrespondingSourceObject: {fileID: 5668136655277484765, guid: 9a85485bee62e764ba0cfab687cef7b7,
    type: 3}
  m_PrefabInstance: {fileID: 881565485}
  m_PrefabAsset: {fileID: 0}
--- !u!4 &728785185 stripped
Transform:
  m_CorrespondingSourceObject: {fileID: 5668136655277484706, guid: 9a85485bee62e764ba0cfab687cef7b7,
    type: 3}
  m_PrefabInstance: {fileID: 881565485}
  m_PrefabAsset: {fileID: 0}
--- !u!251 &728785186
PlatformEffector2D:
  m_ObjectHideFlags: 0
  m_CorrespondingSourceObject: {fileID: 0}
  m_PrefabInstance: {fileID: 0}
  m_PrefabAsset: {fileID: 0}
  m_GameObject: {fileID: 728785182}
  m_Enabled: 1
  m_UseColliderMask: 1
  m_ColliderMask:
    serializedVersion: 2
    m_Bits: 4294967295
  m_RotationalOffset: 0
  m_UseOneWay: 1
  m_UseOneWayGrouping: 0
  m_SurfaceArc: 160
  m_UseSideFriction: 0
  m_UseSideBounce: 0
  m_SideArc: 1
--- !u!1001 &801362321
PrefabInstance:
  m_ObjectHideFlags: 0
  serializedVersion: 2
  m_Modification:
    m_TransformParent: {fileID: 1899279710}
    m_Modifications:
    - target: {fileID: 5668136655277484765, guid: 9a85485bee62e764ba0cfab687cef7b7,
        type: 3}
      propertyPath: m_Name
      value: suelo (2)
      objectReference: {fileID: 0}
    - target: {fileID: 5668136655277484706, guid: 9a85485bee62e764ba0cfab687cef7b7,
        type: 3}
      propertyPath: m_LocalPosition.x
      value: -5.061
      objectReference: {fileID: 0}
    - target: {fileID: 5668136655277484706, guid: 9a85485bee62e764ba0cfab687cef7b7,
        type: 3}
      propertyPath: m_LocalPosition.y
      value: 0.718
      objectReference: {fileID: 0}
    - target: {fileID: 5668136655277484706, guid: 9a85485bee62e764ba0cfab687cef7b7,
        type: 3}
      propertyPath: m_LocalPosition.z
      value: 0.04296875
      objectReference: {fileID: 0}
    - target: {fileID: 5668136655277484706, guid: 9a85485bee62e764ba0cfab687cef7b7,
        type: 3}
      propertyPath: m_LocalRotation.x
      value: -0
      objectReference: {fileID: 0}
    - target: {fileID: 5668136655277484706, guid: 9a85485bee62e764ba0cfab687cef7b7,
        type: 3}
      propertyPath: m_LocalRotation.y
      value: -0
      objectReference: {fileID: 0}
    - target: {fileID: 5668136655277484706, guid: 9a85485bee62e764ba0cfab687cef7b7,
        type: 3}
      propertyPath: m_LocalRotation.z
      value: -0
      objectReference: {fileID: 0}
    - target: {fileID: 5668136655277484706, guid: 9a85485bee62e764ba0cfab687cef7b7,
        type: 3}
      propertyPath: m_LocalRotation.w
      value: 1
      objectReference: {fileID: 0}
    - target: {fileID: 5668136655277484706, guid: 9a85485bee62e764ba0cfab687cef7b7,
        type: 3}
      propertyPath: m_RootOrder
      value: 2
      objectReference: {fileID: 0}
    - target: {fileID: 5668136655277484706, guid: 9a85485bee62e764ba0cfab687cef7b7,
        type: 3}
      propertyPath: m_LocalEulerAnglesHint.x
      value: 0
      objectReference: {fileID: 0}
    - target: {fileID: 5668136655277484706, guid: 9a85485bee62e764ba0cfab687cef7b7,
        type: 3}
      propertyPath: m_LocalEulerAnglesHint.y
      value: 0
      objectReference: {fileID: 0}
    - target: {fileID: 5668136655277484706, guid: 9a85485bee62e764ba0cfab687cef7b7,
        type: 3}
      propertyPath: m_LocalEulerAnglesHint.z
      value: 0
      objectReference: {fileID: 0}
    - target: {fileID: 5668136655277484706, guid: 9a85485bee62e764ba0cfab687cef7b7,
        type: 3}
      propertyPath: m_LocalScale.x
      value: 4.7461653
      objectReference: {fileID: 0}
    - target: {fileID: 5668136655277484706, guid: 9a85485bee62e764ba0cfab687cef7b7,
        type: 3}
      propertyPath: m_LocalScale.y
      value: 0.51224
      objectReference: {fileID: 0}
    - target: {fileID: 5668136655277484764, guid: 9a85485bee62e764ba0cfab687cef7b7,
        type: 3}
      propertyPath: m_UsedByEffector
      value: 1
      objectReference: {fileID: 0}
    m_RemovedComponents: []
  m_SourcePrefab: {fileID: 100100000, guid: 9a85485bee62e764ba0cfab687cef7b7, type: 3}
--- !u!1001 &881565485
PrefabInstance:
  m_ObjectHideFlags: 0
  serializedVersion: 2
  m_Modification:
    m_TransformParent: {fileID: 1899279710}
    m_Modifications:
    - target: {fileID: 5668136655277484765, guid: 9a85485bee62e764ba0cfab687cef7b7,
        type: 3}
      propertyPath: m_Name
      value: suelo (1)
      objectReference: {fileID: 0}
    - target: {fileID: 5668136655277484706, guid: 9a85485bee62e764ba0cfab687cef7b7,
        type: 3}
      propertyPath: m_LocalPosition.x
      value: 3.46
      objectReference: {fileID: 0}
    - target: {fileID: 5668136655277484706, guid: 9a85485bee62e764ba0cfab687cef7b7,
        type: 3}
      propertyPath: m_LocalPosition.y
      value: -1.44
      objectReference: {fileID: 0}
    - target: {fileID: 5668136655277484706, guid: 9a85485bee62e764ba0cfab687cef7b7,
        type: 3}
      propertyPath: m_LocalPosition.z
      value: 0.04296875
      objectReference: {fileID: 0}
    - target: {fileID: 5668136655277484706, guid: 9a85485bee62e764ba0cfab687cef7b7,
        type: 3}
      propertyPath: m_LocalRotation.x
      value: -0
      objectReference: {fileID: 0}
    - target: {fileID: 5668136655277484706, guid: 9a85485bee62e764ba0cfab687cef7b7,
        type: 3}
      propertyPath: m_LocalRotation.y
      value: -0
      objectReference: {fileID: 0}
    - target: {fileID: 5668136655277484706, guid: 9a85485bee62e764ba0cfab687cef7b7,
        type: 3}
      propertyPath: m_LocalRotation.z
      value: -0
      objectReference: {fileID: 0}
    - target: {fileID: 5668136655277484706, guid: 9a85485bee62e764ba0cfab687cef7b7,
        type: 3}
      propertyPath: m_LocalRotation.w
      value: 1
      objectReference: {fileID: 0}
    - target: {fileID: 5668136655277484706, guid: 9a85485bee62e764ba0cfab687cef7b7,
        type: 3}
      propertyPath: m_RootOrder
      value: 0
      objectReference: {fileID: 0}
    - target: {fileID: 5668136655277484706, guid: 9a85485bee62e764ba0cfab687cef7b7,
        type: 3}
      propertyPath: m_LocalEulerAnglesHint.x
      value: 0
      objectReference: {fileID: 0}
    - target: {fileID: 5668136655277484706, guid: 9a85485bee62e764ba0cfab687cef7b7,
        type: 3}
      propertyPath: m_LocalEulerAnglesHint.y
      value: 0
      objectReference: {fileID: 0}
    - target: {fileID: 5668136655277484706, guid: 9a85485bee62e764ba0cfab687cef7b7,
        type: 3}
      propertyPath: m_LocalEulerAnglesHint.z
      value: 0
      objectReference: {fileID: 0}
    - target: {fileID: 5668136655277484706, guid: 9a85485bee62e764ba0cfab687cef7b7,
        type: 3}
      propertyPath: m_LocalScale.x
      value: 5.1812935
      objectReference: {fileID: 0}
    - target: {fileID: 5668136655277484706, guid: 9a85485bee62e764ba0cfab687cef7b7,
        type: 3}
      propertyPath: m_LocalScale.y
      value: 0.51224
      objectReference: {fileID: 0}
    - target: {fileID: 5668136655277484764, guid: 9a85485bee62e764ba0cfab687cef7b7,
        type: 3}
      propertyPath: m_UsedByEffector
      value: 1
      objectReference: {fileID: 0}
    m_RemovedComponents: []
  m_SourcePrefab: {fileID: 100100000, guid: 9a85485bee62e764ba0cfab687cef7b7, type: 3}
--- !u!1001 &1161110349
PrefabInstance:
  m_ObjectHideFlags: 0
  serializedVersion: 2
  m_Modification:
    m_TransformParent: {fileID: 1899279710}
    m_Modifications:
    - target: {fileID: 5668136655277484765, guid: 9a85485bee62e764ba0cfab687cef7b7,
        type: 3}
      propertyPath: m_Name
      value: suelo (4)
      objectReference: {fileID: 0}
    - target: {fileID: 5668136655277484706, guid: 9a85485bee62e764ba0cfab687cef7b7,
        type: 3}
      propertyPath: m_LocalPosition.x
      value: 9.36
      objectReference: {fileID: 0}
    - target: {fileID: 5668136655277484706, guid: 9a85485bee62e764ba0cfab687cef7b7,
        type: 3}
      propertyPath: m_LocalPosition.y
      value: -0.19
      objectReference: {fileID: 0}
    - target: {fileID: 5668136655277484706, guid: 9a85485bee62e764ba0cfab687cef7b7,
        type: 3}
      propertyPath: m_LocalPosition.z
      value: 0.04296875
      objectReference: {fileID: 0}
    - target: {fileID: 5668136655277484706, guid: 9a85485bee62e764ba0cfab687cef7b7,
        type: 3}
      propertyPath: m_LocalRotation.x
      value: -0
      objectReference: {fileID: 0}
    - target: {fileID: 5668136655277484706, guid: 9a85485bee62e764ba0cfab687cef7b7,
        type: 3}
      propertyPath: m_LocalRotation.y
      value: -0
      objectReference: {fileID: 0}
    - target: {fileID: 5668136655277484706, guid: 9a85485bee62e764ba0cfab687cef7b7,
        type: 3}
      propertyPath: m_LocalRotation.z
      value: -0
      objectReference: {fileID: 0}
    - target: {fileID: 5668136655277484706, guid: 9a85485bee62e764ba0cfab687cef7b7,
        type: 3}
      propertyPath: m_LocalRotation.w
      value: 1
      objectReference: {fileID: 0}
    - target: {fileID: 5668136655277484706, guid: 9a85485bee62e764ba0cfab687cef7b7,
        type: 3}
      propertyPath: m_RootOrder
      value: 4
      objectReference: {fileID: 0}
    - target: {fileID: 5668136655277484706, guid: 9a85485bee62e764ba0cfab687cef7b7,
        type: 3}
      propertyPath: m_LocalEulerAnglesHint.x
      value: 0
      objectReference: {fileID: 0}
    - target: {fileID: 5668136655277484706, guid: 9a85485bee62e764ba0cfab687cef7b7,
        type: 3}
      propertyPath: m_LocalEulerAnglesHint.y
      value: 0
      objectReference: {fileID: 0}
    - target: {fileID: 5668136655277484706, guid: 9a85485bee62e764ba0cfab687cef7b7,
        type: 3}
      propertyPath: m_LocalEulerAnglesHint.z
      value: 0
      objectReference: {fileID: 0}
    - target: {fileID: 5668136655277484706, guid: 9a85485bee62e764ba0cfab687cef7b7,
        type: 3}
      propertyPath: m_LocalScale.x
      value: 1.6954378
      objectReference: {fileID: 0}
    - target: {fileID: 5668136655277484706, guid: 9a85485bee62e764ba0cfab687cef7b7,
        type: 3}
      propertyPath: m_LocalScale.y
      value: 10.0980625
      objectReference: {fileID: 0}
    m_RemovedComponents: []
  m_SourcePrefab: {fileID: 100100000, guid: 9a85485bee62e764ba0cfab687cef7b7, type: 3}
--- !u!4 &1161110350 stripped
Transform:
  m_CorrespondingSourceObject: {fileID: 5668136655277484706, guid: 9a85485bee62e764ba0cfab687cef7b7,
    type: 3}
  m_PrefabInstance: {fileID: 1161110349}
  m_PrefabAsset: {fileID: 0}
--- !u!1 &1196665908
GameObject:
  m_ObjectHideFlags: 0
  m_CorrespondingSourceObject: {fileID: 0}
  m_PrefabInstance: {fileID: 0}
  m_PrefabAsset: {fileID: 0}
  serializedVersion: 6
  m_Component:
  - component: {fileID: 1196665909}
  - component: {fileID: 1196665910}
  m_Layer: 0
  m_Name: cubo
  m_TagString: Untagged
  m_Icon: {fileID: 0}
  m_NavMeshLayer: 0
  m_StaticEditorFlags: 0
  m_IsActive: 1
--- !u!4 &1196665909
Transform:
  m_ObjectHideFlags: 0
  m_CorrespondingSourceObject: {fileID: 0}
  m_PrefabInstance: {fileID: 0}
  m_PrefabAsset: {fileID: 0}
  m_GameObject: {fileID: 1196665908}
  m_LocalRotation: {x: -0, y: -0, z: -0, w: 1}
  m_LocalPosition: {x: 0.2884, y: 0.191, z: 0}
  m_LocalScale: {x: 0.61860526, y: 0.2284, z: 1}
  m_Children: []
  m_Father: {fileID: 277921407}
  m_RootOrder: 0
  m_LocalEulerAnglesHint: {x: 0, y: 0, z: 0}
--- !u!212 &1196665910
SpriteRenderer:
  m_ObjectHideFlags: 0
  m_CorrespondingSourceObject: {fileID: 0}
  m_PrefabInstance: {fileID: 0}
  m_PrefabAsset: {fileID: 0}
  m_GameObject: {fileID: 1196665908}
  m_Enabled: 1
  m_CastShadows: 0
  m_ReceiveShadows: 0
  m_DynamicOccludee: 1
  m_MotionVectors: 1
  m_LightProbeUsage: 1
  m_ReflectionProbeUsage: 1
  m_RenderingLayerMask: 1
  m_RendererPriority: 0
  m_Materials:
  - {fileID: 10754, guid: 0000000000000000f000000000000000, type: 0}
  m_StaticBatchInfo:
    firstSubMesh: 0
    subMeshCount: 0
  m_StaticBatchRoot: {fileID: 0}
  m_ProbeAnchor: {fileID: 0}
  m_LightProbeVolumeOverride: {fileID: 0}
  m_ScaleInLightmap: 1
  m_PreserveUVs: 0
  m_IgnoreNormalsForChartDetection: 0
  m_ImportantGI: 0
  m_StitchLightmapSeams: 0
  m_SelectedEditorRenderState: 0
  m_MinimumChartSize: 4
  m_AutoUVMaxDistance: 0.5
  m_AutoUVMaxAngle: 89
  m_LightmapParameters: {fileID: 0}
  m_SortingLayerID: 0
  m_SortingLayer: 0
  m_SortingOrder: 1
  m_Sprite: {fileID: 21300000, guid: e5c7695f434686d409a8f5ee17f4eb1b, type: 3}
  m_Color: {r: 0.4433962, g: 0.4433962, b: 0.4433962, a: 1}
  m_FlipX: 0
  m_FlipY: 0
  m_DrawMode: 0
  m_Size: {x: 1, y: 1}
  m_AdaptiveModeThreshold: 0.5
  m_SpriteTileMode: 0
  m_WasSpriteAssigned: 1
  m_MaskInteraction: 0
  m_SpriteSortPoint: 0
--- !u!1 &1705248472
GameObject:
  m_ObjectHideFlags: 0
  m_CorrespondingSourceObject: {fileID: 0}
  m_PrefabInstance: {fileID: 0}
  m_PrefabAsset: {fileID: 0}
  serializedVersion: 6
  m_Component:
  - component: {fileID: 1705248476}
  - component: {fileID: 1705248475}
  - component: {fileID: 1705248473}
  - component: {fileID: 1705248477}
  - component: {fileID: 1705248474}
  m_Layer: 0
  m_Name: malito
  m_TagString: Untagged
  m_Icon: {fileID: 0}
  m_NavMeshLayer: 0
  m_StaticEditorFlags: 0
  m_IsActive: 1
--- !u!60 &1705248473
PolygonCollider2D:
  m_ObjectHideFlags: 0
  m_CorrespondingSourceObject: {fileID: 0}
  m_PrefabInstance: {fileID: 0}
  m_PrefabAsset: {fileID: 0}
  m_GameObject: {fileID: 1705248472}
  m_Enabled: 1
  m_Density: 1
  m_Material: {fileID: 6200000, guid: 74ee2f382c6011b4f8b0a0e1d83092f3, type: 2}
  m_IsTrigger: 0
  m_UsedByEffector: 0
  m_UsedByComposite: 0
  m_Offset: {x: 0, y: 0}
  m_SpriteTilingProperty:
    border: {x: 0, y: 0, z: 0, w: 0}
    pivot: {x: 0.5, y: 0.5}
    oldSize: {x: 1, y: 1}
    newSize: {x: 1, y: 1}
    adaptiveTilingThreshold: 0.5
    drawMode: 0
    adaptiveTiling: 0
  m_AutoTiling: 0
  m_Points:
    m_Paths:
    - - {x: 0, y: 0.52}
      - {x: -0.36, y: 0.36}
      - {x: -0.52, y: 0}
      - {x: -0.36, y: -0.36}
      - {x: 0, y: -0.52}
      - {x: 0.36, y: -0.36}
      - {x: 0.52, y: 0}
      - {x: 0.36, y: 0.36}
--- !u!114 &1705248474
MonoBehaviour:
  m_ObjectHideFlags: 0
  m_CorrespondingSourceObject: {fileID: 0}
  m_PrefabInstance: {fileID: 0}
  m_PrefabAsset: {fileID: 0}
  m_GameObject: {fileID: 1705248472}
  m_Enabled: 1
  m_EditorHideFlags: 0
  m_Script: {fileID: 11500000, guid: 3fb770baa4aa7694bafa055bc9d8b4f0, type: 3}
  m_Name: 
  m_EditorClassIdentifier: 
  jumpThreshold: {x: 2, y: 1}
  jumpForce: 6
--- !u!212 &1705248475
SpriteRenderer:
  m_ObjectHideFlags: 0
  m_CorrespondingSourceObject: {fileID: 0}
  m_PrefabInstance: {fileID: 0}
  m_PrefabAsset: {fileID: 0}
  m_GameObject: {fileID: 1705248472}
  m_Enabled: 1
  m_CastShadows: 0
  m_ReceiveShadows: 0
  m_DynamicOccludee: 1
  m_MotionVectors: 1
  m_LightProbeUsage: 1
  m_ReflectionProbeUsage: 1
  m_RenderingLayerMask: 1
  m_RendererPriority: 0
  m_Materials:
  - {fileID: 10754, guid: 0000000000000000f000000000000000, type: 0}
  m_StaticBatchInfo:
    firstSubMesh: 0
    subMeshCount: 0
  m_StaticBatchRoot: {fileID: 0}
  m_ProbeAnchor: {fileID: 0}
  m_LightProbeVolumeOverride: {fileID: 0}
  m_ScaleInLightmap: 1
  m_PreserveUVs: 0
  m_IgnoreNormalsForChartDetection: 0
  m_ImportantGI: 0
  m_StitchLightmapSeams: 0
  m_SelectedEditorRenderState: 0
  m_MinimumChartSize: 4
  m_AutoUVMaxDistance: 0.5
  m_AutoUVMaxAngle: 89
  m_LightmapParameters: {fileID: 0}
  m_SortingLayerID: 0
  m_SortingLayer: 0
  m_SortingOrder: 0
  m_Sprite: {fileID: 21300000, guid: cf90fb608b7beb140ae0a56a4af6f88c, type: 3}
  m_Color: {r: 0.9716981, g: 0.38959593, b: 0.7776837, a: 1}
  m_FlipX: 0
  m_FlipY: 0
  m_DrawMode: 0
  m_Size: {x: 1, y: 1}
  m_AdaptiveModeThreshold: 0.5
  m_SpriteTileMode: 0
  m_WasSpriteAssigned: 1
  m_MaskInteraction: 0
  m_SpriteSortPoint: 0
--- !u!4 &1705248476
Transform:
  m_ObjectHideFlags: 0
  m_CorrespondingSourceObject: {fileID: 0}
  m_PrefabInstance: {fileID: 0}
  m_PrefabAsset: {fileID: 0}
  m_GameObject: {fileID: 1705248472}
  m_LocalRotation: {x: 0, y: 0, z: 0, w: 1}
  m_LocalPosition: {x: 3.605186, y: 1.2311456, z: 0}
  m_LocalScale: {x: 1, y: 1, z: 1}
  m_Children:
  - {fileID: 248636590}
  m_Father: {fileID: 0}
  m_RootOrder: 3
  m_LocalEulerAnglesHint: {x: 0, y: 0, z: 0}
--- !u!50 &1705248477
Rigidbody2D:
  serializedVersion: 4
  m_ObjectHideFlags: 0
  m_CorrespondingSourceObject: {fileID: 0}
  m_PrefabInstance: {fileID: 0}
  m_PrefabAsset: {fileID: 0}
  m_GameObject: {fileID: 1705248472}
  m_BodyType: 0
  m_Simulated: 1
  m_UseFullKinematicContacts: 0
  m_UseAutoMass: 0
  m_Mass: 1
  m_LinearDrag: 0
  m_AngularDrag: 0.05
  m_GravityScale: 1
  m_Material: {fileID: 0}
  m_Interpolate: 0
  m_SleepingMode: 1
  m_CollisionDetection: 0
  m_Constraints: 0
--- !u!1 &1818089532 stripped
GameObject:
  m_CorrespondingSourceObject: {fileID: 5668136655277484765, guid: 9a85485bee62e764ba0cfab687cef7b7,
    type: 3}
  m_PrefabInstance: {fileID: 801362321}
  m_PrefabAsset: {fileID: 0}
--- !u!4 &1818089535 stripped
Transform:
  m_CorrespondingSourceObject: {fileID: 5668136655277484706, guid: 9a85485bee62e764ba0cfab687cef7b7,
    type: 3}
  m_PrefabInstance: {fileID: 801362321}
  m_PrefabAsset: {fileID: 0}
--- !u!251 &1818089536
PlatformEffector2D:
  m_ObjectHideFlags: 0
  m_CorrespondingSourceObject: {fileID: 0}
  m_PrefabInstance: {fileID: 0}
  m_PrefabAsset: {fileID: 0}
  m_GameObject: {fileID: 1818089532}
  m_Enabled: 1
  m_UseColliderMask: 1
  m_ColliderMask:
    serializedVersion: 2
    m_Bits: 4294967295
  m_RotationalOffset: 0
  m_UseOneWay: 1
  m_UseOneWayGrouping: 0
  m_SurfaceArc: 160
  m_UseSideFriction: 0
  m_UseSideBounce: 0
  m_SideArc: 1
--- !u!1 &1899279709
GameObject:
  m_ObjectHideFlags: 0
  m_CorrespondingSourceObject: {fileID: 0}
  m_PrefabInstance: {fileID: 0}
  m_PrefabAsset: {fileID: 0}
  serializedVersion: 6
  m_Component:
  - component: {fileID: 1899279710}
  m_Layer: 0
  m_Name: GameObject
  m_TagString: Untagged
  m_Icon: {fileID: 0}
  m_NavMeshLayer: 0
  m_StaticEditorFlags: 0
  m_IsActive: 1
--- !u!4 &1899279710
Transform:
  m_ObjectHideFlags: 0
  m_CorrespondingSourceObject: {fileID: 0}
  m_PrefabInstance: {fileID: 0}
  m_PrefabAsset: {fileID: 0}
  m_GameObject: {fileID: 1899279709}
  m_LocalRotation: {x: 0, y: 0, z: 0, w: 1}
  m_LocalPosition: {x: 0.37611786, y: 0.17414857, z: -0.04296875}
  m_LocalScale: {x: 1, y: 1, z: 1}
  m_Children:
  - {fileID: 728785185}
  - {fileID: 2000527815}
  - {fileID: 1818089535}
  - {fileID: 24150287}
  - {fileID: 1161110350}
  m_Father: {fileID: 0}
  m_RootOrder: 2
  m_LocalEulerAnglesHint: {x: 0, y: 0, z: 0}
--- !u!4 &2000527815 stripped
Transform:
  m_CorrespondingSourceObject: {fileID: 5668136655277484706, guid: 9a85485bee62e764ba0cfab687cef7b7,
    type: 3}
  m_PrefabInstance: {fileID: 5668136655785956835}
  m_PrefabAsset: {fileID: 0}
--- !u!1001 &5668136655785956835
PrefabInstance:
  m_ObjectHideFlags: 0
  serializedVersion: 2
  m_Modification:
    m_TransformParent: {fileID: 1899279710}
    m_Modifications:
    - target: {fileID: 5668136655277484765, guid: 9a85485bee62e764ba0cfab687cef7b7,
        type: 3}
      propertyPath: m_Name
      value: suelo
      objectReference: {fileID: 0}
    - target: {fileID: 5668136655277484706, guid: 9a85485bee62e764ba0cfab687cef7b7,
        type: 3}
      propertyPath: m_LocalPosition.x
      value: -0.41211784
      objectReference: {fileID: 0}
    - target: {fileID: 5668136655277484706, guid: 9a85485bee62e764ba0cfab687cef7b7,
        type: 3}
      propertyPath: m_LocalPosition.y
      value: -4.730149
      objectReference: {fileID: 0}
    - target: {fileID: 5668136655277484706, guid: 9a85485bee62e764ba0cfab687cef7b7,
        type: 3}
      propertyPath: m_LocalPosition.z
      value: 0.04296875
      objectReference: {fileID: 0}
    - target: {fileID: 5668136655277484706, guid: 9a85485bee62e764ba0cfab687cef7b7,
        type: 3}
      propertyPath: m_LocalRotation.x
      value: -0
      objectReference: {fileID: 0}
    - target: {fileID: 5668136655277484706, guid: 9a85485bee62e764ba0cfab687cef7b7,
        type: 3}
      propertyPath: m_LocalRotation.y
      value: -0
      objectReference: {fileID: 0}
    - target: {fileID: 5668136655277484706, guid: 9a85485bee62e764ba0cfab687cef7b7,
        type: 3}
      propertyPath: m_LocalRotation.z
      value: -0
      objectReference: {fileID: 0}
    - target: {fileID: 5668136655277484706, guid: 9a85485bee62e764ba0cfab687cef7b7,
        type: 3}
      propertyPath: m_LocalRotation.w
      value: 1
      objectReference: {fileID: 0}
    - target: {fileID: 5668136655277484706, guid: 9a85485bee62e764ba0cfab687cef7b7,
        type: 3}
      propertyPath: m_RootOrder
      value: 1
      objectReference: {fileID: 0}
    - target: {fileID: 5668136655277484706, guid: 9a85485bee62e764ba0cfab687cef7b7,
        type: 3}
      propertyPath: m_LocalEulerAnglesHint.x
      value: 0
      objectReference: {fileID: 0}
    - target: {fileID: 5668136655277484706, guid: 9a85485bee62e764ba0cfab687cef7b7,
        type: 3}
      propertyPath: m_LocalEulerAnglesHint.y
      value: 0
      objectReference: {fileID: 0}
    - target: {fileID: 5668136655277484706, guid: 9a85485bee62e764ba0cfab687cef7b7,
        type: 3}
      propertyPath: m_LocalEulerAnglesHint.z
      value: 0
      objectReference: {fileID: 0}
    - target: {fileID: 5668136655277484706, guid: 9a85485bee62e764ba0cfab687cef7b7,
        type: 3}
      propertyPath: m_LocalScale.x
      value: 17.846714
      objectReference: {fileID: 0}
    - target: {fileID: 5668136655277484706, guid: 9a85485bee62e764ba0cfab687cef7b7,
        type: 3}
      propertyPath: m_LocalScale.y
      value: 1.232072
      objectReference: {fileID: 0}
    m_RemovedComponents: []
  m_SourcePrefab: {fileID: 100100000, guid: 9a85485bee62e764ba0cfab687cef7b7, type: 3}
